<record><leader>00000cas a2200000 a 4500</leader><controlfield tag="001">9954324</controlfield><controlfield tag="008">830927d18391849nyuwr ne      0    0eng c</controlfield><datafield ind1=" " ind2=" " tag="010"><subfield code="a">sn 83031677 </subfield></datafield><datafield ind1=" " ind2=" " tag="040"><subfield code="a">NPU</subfield><subfield code="b">eng</subfield><subfield code="c">NPU</subfield><subfield code="d">NPX</subfield><subfield code="d">NYS</subfield><subfield code="d">OCL</subfield><subfield code="d">NYS</subfield><subfield code="d">NYG</subfield><subfield code="d">OCLCQ</subfield><subfield code="d">OCLCF</subfield><subfield code="d">OCLCO</subfield></datafield><datafield ind1="1" ind2=" " tag="029"><subfield code="a">AU@</subfield><subfield code="b">000020127774</subfield></datafield><datafield ind1=" " ind2=" " tag="042"><subfield code="a">pcc</subfield></datafield><datafield ind1=" " ind2=" " tag="043"><subfield code="a">n-us-ny</subfield></datafield><datafield ind1="0" ind2="4" tag="245"><subfield code="a">The Schenectady cabinet, or, Freedom's sentinel.</subfield></datafield><datafield ind1="3" ind2="0" tag="246"><subfield code="a">Freedom's sentinel</subfield></datafield><datafield ind1=" " ind2=" " tag="260"><subfield code="a">Schenectady, N.Y. :</subfield><subfield code="b">[s.n.],</subfield><subfield code="c">1839-1849.</subfield></datafield><datafield ind1=" " ind2=" " tag="300"><subfield code="a">v. ;</subfield><subfield code="c">61 cm.</subfield></datafield><datafield ind1=" " ind2=" " tag="310"><subfield code="a">Weekly</subfield></datafield><datafield ind1="0" ind2=" " tag="362"><subfield code="a">Vol. 30, no. 1511 (July 2, 1839)-v. 40, no. 18 (Oct. 30, 1849).</subfield></datafield><datafield ind1=" " ind2=" " tag="515"><subfield code="a">Issue for June 16, 1840 misdated June 9, 1840; issue for July 4, 1848 misdated June 27, 1848.</subfield></datafield><datafield ind1=" " ind2="0" tag="651"><subfield code="a">Schenectady (N.Y.)</subfield><subfield code="v">Newspapers.</subfield></datafield><datafield ind1=" " ind2="7" tag="655"><subfield code="a">Newspapers.</subfield><subfield code="2">fast</subfield><subfield code="0">(OCoLC)fst01423814</subfield></datafield><datafield ind1=" " ind2="7" tag="651"><subfield code="a">New York (State)</subfield><subfield code="z">Schenectady.</subfield><subfield code="2">fast</subfield><subfield code="0">(OCoLC)fst01202844</subfield></datafield><datafield ind1=" " ind2=" " tag="752"><subfield code="a">United States</subfield><subfield code="b">New York</subfield><subfield code="c">Schenectady</subfield><subfield code="d">Schenectady.</subfield></datafield><datafield ind1="0" ind2="0" tag="780"><subfield code="t">Freedom's sentinel (Schenectady, N.Y.)</subfield><subfield code="w">(DLC)sn 83031680</subfield><subfield code="w">(OCoLC)9954054</subfield></datafield><datafield ind1="0" ind2="0" tag="785"><subfield code="t">Schenectady cabinet (Schenectady, N.Y. : 1849)</subfield><subfield code="w">(DLC)sn 86063498</subfield><subfield code="w">(OCoLC)13191254</subfield></datafield></record>